@book{farrell2001introduccion,
  title={Introducci{\'o}n a la programaci{\'o}n: l{\'o}gica y dise{\~n}o},
    author={Farrell, JoyceJoyce Farrell},
      year={2001},
        publisher={Thomson Learning,}
	}